@ARTICLE{Figueredo:2009dg,
   author = {Figueredo, A.~J. and Wolf, P. S.~A.},
   title = {Assortative pairing and life history strategy - a cross-cultural study.},
   journal = {Human Nature},
   volume = {20},
   pages = {317-330},
   year = {2009}
}

@article{dosovitskiy2020image,
  title={An image is worth 16x16 words: Transformers for image recognition at scale},
  author={Dosovitskiy, Alexey},
  journal={arXiv preprint arXiv:2010.11929},
  year={2020}
}

@inproceedings{dosovitskiy2021an,
title={An Image is Worth 16x16 Words: Transformers for Image Recognition at Scale},
author={Alexey Dosovitskiy and Lucas Beyer and Alexander Kolesnikov and Dirk Weissenborn and Xiaohua Zhai and Thomas Unterthiner and Mostafa Dehghani and Matthias Minderer and Georg Heigold and Sylvain Gelly and Jakob Uszkoreit and Neil Houlsby},
booktitle={International Conference on Learning Representations},
year={2021}
}

@article{yu2023unsupervised,
  title={Unsupervised fabric defect detection based on multiscale image reconstruction and structural similarity assessment},
  author={Yu, Zhiqi and Xu, Yang and Wang, Yuanfei and Wang, Yuekun and Sheng, Xiaowei},
  journal={Coloration Technology},
  year={2023},
  publisher={Wiley Online Library}
}

@inproceedings{collin2021improved,
  title={Improved anomaly detection by training an autoencoder with skip connections on images corrupted with stain-shaped noise},
  author={Collin, Anne-Sophie and De Vleeschouwer, Christophe},
  booktitle={2020 25th International Conference on Pattern Recognition (ICPR)},
  pages={7915--7922},
  year={2021},
  organization={IEEE}
}

@inproceedings{akcay2019ganomaly,
  title={Ganomaly: Semi-supervised anomaly detection via adversarial training},
  author={Akcay, Samet and Atapour-Abarghouei, Amir and Breckon, Toby P},
  booktitle={Computer Vision--ACCV 2018: 14th Asian Conference on Computer Vision, Perth, Australia, December 2--6, 2018, Revised Selected Papers, Part III 14},
  pages={622--637},
  year={2019},
  organization={Springer}
}

@inproceedings{perera2019ocgan,
  title={Ocgan: One-class novelty detection using gans with constrained latent representations},
  author={Perera, Pramuditha and Nallapati, Ramesh and Xiang, Bing},
  booktitle={Proceedings of the IEEE/CVF conference on computer vision and pattern recognition},
  pages={2898--2906},
  year={2019}
}

@inproceedings{bergmann2018improving,
  title={Improving Unsupervised Defect Segmentation by Applying Structural Similarity to Autoencoders},
  author={Bergmann, Paul and L{\"o}we, Sindy and Fauser, Michael and Sattlegger, David and Steger, Carsten},
  booktitle={Proceedings of the 14th International Joint Conference on Computer Vision, Imaging and Computer Graphics Theory and Applications},
  year={2019},
  organization={SCITEPRESS-Science and Technology Publications}
}

@article{chung2020unsupervised,
  title={Unsupervised anomaly detection using style distillation},
  author={Chung, Hwehee and Park, Jongho and Keum, Jongsoo and Ki, Hongdo and Kang, Seokho},
  journal={IEEE Access},
  volume={8},
  pages={221494--221502},
  year={2020},
  publisher={IEEE}
}

@inproceedings{zhou2020encoding,
  title={Encoding structure-texture relation with p-net for anomaly detection in retinal images},
  author={Zhou, Kang and Xiao, Yuting and Yang, Jianlong and Cheng, Jun and Liu, Wen and Luo, Weixin and Gu, Zaiwang and Liu, Jiang and Gao, Shenghua},
  booktitle={Computer Vision--ECCV 2020: 16th European Conference, Glasgow, UK, August 23--28, 2020, Proceedings, Part XX 16},
  pages={360--377},
  year={2020},
  organization={Springer}
}

@inproceedings{liu2020towards,
  title={Towards visually explaining variational autoencoders. In 2020 IEEE},
  author={Liu, Wenqian and Li, Runze and Zheng, Meng and Karanam, Srikrishna and Wu, Ziyan and Bhanu, Bir and Radke, Richard J and Camps, Octavia I},
  booktitle={CVF Conference on Computer Vision and Pattern Recognition, CVPR},
  pages={13--19},
  year={2020}
}

@inproceedings{dehaene2020iterative,
title={Iterative energy-based projection on a normal data manifold for anomaly localization},
author={David Dehaene and Oriel Frigo and SÃ©bastien Combrexelle and Pierre Eline},
booktitle={International Conference on Learning Representations},
year={2020}
}

@article{dehaene2020anomaly,
  title={Anomaly localization by modeling perceptual features},
  author={Dehaene, David and Eline, Pierre},
  journal={arXiv preprint arXiv:2008.05369},
  year={2020}
}

@article{wang2020image,
  title={Image anomaly detection using normal data only by latent space resampling},
  author={Wang, Lu and Zhang, Dongkai and Guo, Jiahao and Han, Yuexing},
  journal={Applied Sciences},
  volume={10},
  number={23},
  pages={8660},
  year={2020},
  publisher={MDPI}
}

@inproceedings{yan2021learning,
  title={Learning semantic context from normal samples for unsupervised anomaly detection},
  author={Yan, Xudong and Zhang, Huaidong and Xu, Xuemiao and Hu, Xiaowei and Heng, Pheng-Ann},
  booktitle={Proceedings of the AAAI conference on artificial intelligence},
  volume={35},
  number={4},
  pages={3110--3118},
  year={2021}
}

@article{liang2023omni,
  title={Omni-frequency channel-selection representations for unsupervised anomaly detection},
  author={Liang, Yufei and Zhang, Jiangning and Zhao, Shiwei and Wu, Runze and Liu, Yong and Pan, Shuwen},
  journal={IEEE Transactions on Image Processing},
  year={2023},
  publisher={IEEE}
}

@inproceedings{bergmann2020uninformed,
  title={Uninformed students: Student-teacher anomaly detection with discriminative latent embeddings},
  author={Bergmann, Paul and Fauser, Michael and Sattlegger, David and Steger, Carsten},
  booktitle={Proceedings of the IEEE/CVF conference on computer vision and pattern recognition},
  pages={4183--4192},
  year={2020}
}

@inproceedings{salehi2021multiresolution,
  title={Multiresolution knowledge distillation for anomaly detection},
  author={Salehi, Mohammadreza and Sadjadi, Niousha and Baselizadeh, Soroosh and Rohban, Mohammad H and Rabiee, Hamid R},
  booktitle={Proceedings of the IEEE/CVF conference on computer vision and pattern recognition},
  pages={14902--14912},
  year={2021}
}

@inproceedings{wang2021student,
    title={Student-Teacher Feature Pyramid Matching for Anomaly Detection},
    author={Wang, Guodong and Han, Shumin and Ding, Errui and Huang, Di},
    booktitle={The British Machine Vision Conference (BMVC)},
    year={2021}
}

@article{cao2022informative,
  title={Informative knowledge distillation for image anomaly segmentation},
  author={Cao, Yunkang and Wan, Qian and Shen, Weiming and Gao, Liang},
  journal={Knowledge-Based Systems},
  volume={248},
  pages={108846},
  year={2022},
  publisher={Elsevier}
}

@article{tax2004support,
  title={Support vector data description},
  author={Tax, David MJ and Duin, Robert PW},
  journal={Machine learning},
  volume={54},
  pages={45--66},
  year={2004},
  publisher={Springer}
}

@inproceedings{yi2021patch,
  title={Patch SVDD: Patch-Level SVDD for Anomaly Detection and Segmentation},
  author={Yi, Jihun and Yoon, Sungroh},
  booktitle={Computer Vision--ACCV 2020: 15th Asian Conference on Computer Vision, Kyoto, Japan, November 30--December 4, 2020, Revised Selected Papers, Part VI 15},
  pages={375--390},
  year={2021},
  organization={Springer}
}

@article{zhang2021anomaly,
  title={Anomaly detection using improved deep SVDD model with data structure preservation},
  author={Zhang, Zheng and Deng, Xiaogang},
  journal={Pattern Recognition Letters},
  volume={148},
  pages={1--6},
  year={2021},
  publisher={Elsevier}
}

@inproceedings{hu2021semantic,
  title={A semantic-enhanced method based on deep SVDD for pixel-wise anomaly detection},
  author={Hu, Chuanfei and Chen, Kai and Shao, Hang},
  booktitle={2021 IEEE International Conference on Multimedia and Expo (ICME)},
  pages={1--6},
  year={2021},
  organization={IEEE}
}

@inproceedings{li2021anomaly,
  title={Anomaly detection via self-organizing map},
  author={Li, Ning and Jiang, Kaitao and Ma, Zhiheng and Wei, Xing and Hong, Xiaopeng and Gong, Yihong},
  booktitle={2021 IEEE International Conference on Image Processing (ICIP)},
  pages={974--978},
  year={2021},
  organization={IEEE}
}

@article{wan2021industrial,
  title={Industrial image anomaly localization based on Gaussian clustering of pretrained feature},
  author={Wan, Qian and Gao, Liang and Li, Xinyu and Wen, Long},
  journal={IEEE Transactions on Industrial Electronics},
  volume={69},
  number={6},
  pages={6182--6192},
  year={2021},
  publisher={IEEE}
}

@article{lee2022cfa,
  title={Cfa: Coupled-hypersphere-based feature adaptation for target-oriented anomaly localization},
  author={Lee, Sungwook and Lee, Seunghyun and Song, Byung Cheol},
  journal={IEEE Access},
  volume={10},
  pages={78446--78454},
  year={2022},
  publisher={IEEE}
}

@inproceedings{kim2023fapm,
  title={Fapm: Fast adaptive patch memory for real-time industrial anomaly detection},
  author={Kim, Donghyeong and Park, Chaewon and Cho, Suhwan and Lee, Sangyoun},
  booktitle={ICASSP 2023-2023 IEEE International Conference on Acoustics, Speech and Signal Processing (ICASSP)},
  pages={1--5},
  year={2023},
  organization={IEEE}
}

@inproceedings{wang2023multimodal,
  title={Multimodal industrial anomaly detection via hybrid fusion},
  author={Wang, Yue and Peng, Jinlong and Zhang, Jiangning and Yi, Ran and Wang, Yabiao and Wang, Chengjie},
  booktitle={Proceedings of the IEEE/CVF Conference on Computer Vision and Pattern Recognition},
  pages={8032--8041},
  year={2023}
}

@inproceedings{horwitz2023back,
  title={Back to the feature: classical 3d features are (almost) all you need for 3d anomaly detection},
  author={Horwitz, Eliahu and Hoshen, Yedid},
  booktitle={Proceedings of the IEEE/CVF Conference on Computer Vision and Pattern Recognition},
  pages={2968--2977},
  year={2023}
}

@article{wang2024incremental,
  title={Incremental Template Neighborhood Matching for 3D anomaly detection},
  author={Wang, Jiaxun and Wang, Xiang and Hao, Ruiyang and Yin, Haonan and Huang, Biqing and Xu, Xiao and Liu, Jingxian},
  journal={Neurocomputing},
  volume={581},
  pages={127483},
  year={2024},
  publisher={Elsevier}
}

@article{chandola2009anomaly,
  title={Anomaly detection: A survey},
  author={Chandola, Varun and Banerjee, Arindam and Kumar, Vipin},
  journal={ACM computing surveys (CSUR)},
  volume={41},
  number={3},
  pages={1--58},
  year={2009},
  publisher={ACM New York, NY, USA}
}

@article{iturbe2017towards,
  title={Towards Large-Scale, Heterogeneous Anomaly Detection Systems in Industrial Networks: A Survey of Current Trends},
  author={Iturbe, Mikel and Garitano, I{\~n}aki and Zurutuza, Urko and Uribeetxeberria, Roberto},
  journal={Security and Communication Networks},
  volume={2017},
  number={1},
  pages={9150965},
  year={2017},
  publisher={Wiley Online Library}
}

@article{cui2023survey,
  title={A survey on unsupervised anomaly detection algorithms for industrial images},
  author={Cui, Yajie and Liu, Zhaoxiang and Lian, Shiguo},
  journal={IEEE Access},
  volume={11},
  pages={55297--55315},
  year={2023},
  publisher={IEEE}
}

@article{tao2022deep,
  title={Deep learning for unsupervised anomaly localization in industrial images: A survey},
  author={Tao, Xian and Gong, Xinyi and Zhang, Xin and Yan, Shaohua and Adak, Chandranath},
  journal={IEEE Transactions on Instrumentation and Measurement},
  volume={71},
  pages={1--21},
  year={2022},
  publisher={IEEE}
}

@conference{bergmann2022mvtec,
author={Paul Bergmann. and Xin Jin. and David Sattlegger. and Carsten Steger.},
title={The MVTec 3D-AD Dataset for Unsupervised 3D Anomaly Detection and Localization},
booktitle={Proceedings of the 17th International Joint Conference on Computer Vision, Imaging and Computer Graphics Theory and Applications (VISIGRAPP 2022) - Volume 5: VISAPP},
year={2022},
pages={202-213},
publisher={SciTePress},
organization={INSTICC},
doi={10.5220/0010865000003124},
isbn={978-989-758-555-5},
issn={2184-4321},
}

@article{horwitz2022empirical,
  title={An empirical investigation of 3d anomaly detection and segmentation},
  author={Horwitz, Eliahu and Hoshen, Yedid},
  journal={arXiv preprint arXiv:2203.05550},
  volume={2},
  number={3},
  pages={5},
  year={2022}
}

@inproceedings{gudovskiy2022cflow,
  title={Cflow-ad: Real-time unsupervised anomaly detection with localization via conditional normalizing flows},
  author={Gudovskiy, Denis and Ishizaka, Shun and Kozuka, Kazuki},
  booktitle={Proceedings of the IEEE/CVF winter conference on applications of computer vision},
  pages={98--107},
  year={2022}
}

@inproceedings{roth2022towards,
  title={Towards total recall in industrial anomaly detection},
  author={Roth, Karsten and Pemula, Latha and Zepeda, Joaquin and Sch{\"o}lkopf, Bernhard and Brox, Thomas and Gehler, Peter},
  booktitle={Proceedings of the IEEE/CVF conference on computer vision and pattern recognition},
  pages={14318--14328},
  year={2022}
}

@inproceedings{defard2021padim,
  title={Padim: a patch distribution modeling framework for anomaly detection and localization},
  author={Defard, Thomas and Setkov, Aleksandr and Loesch, Angelique and Audigier, Romaric},
  booktitle={International Conference on Pattern Recognition},
  pages={475--489},
  year={2021},
  organization={Springer}
}

@inproceedings{bergmann2023anomaly,
  title={Anomaly detection in 3d point clouds using deep geometric descriptors},
  author={Bergmann, Paul and Sattlegger, David},
  booktitle={Proceedings of the IEEE/CVF Winter Conference on Applications of Computer Vision},
  pages={2613--2623},
  year={2023}
}

@inproceedings{rudolph2023asymmetric,
  title={Asymmetric student-teacher networks for industrial anomaly detection},
  author={Rudolph, Marco and Wehrbein, Tom and Rosenhahn, Bodo and Wandt, Bastian},
  booktitle={Proceedings of the IEEE/CVF winter conference on applications of computer vision},
  pages={2592--2602},
  year={2023}
}

@inproceedings{rudolph2021same,
  title={Same same but differnet: Semi-supervised defect detection with normalizing flows},
  author={Rudolph, Marco and Wandt, Bastian and Rosenhahn, Bodo},
  booktitle={Proceedings of the IEEE/CVF winter conference on applications of computer vision},
  pages={1907--1916},
  year={2021}
}

@inproceedings{te2020edge,
  title={Edge-aware graph representation learning and reasoning for face parsing},
  author={Te, Gusi and Liu, Yinglu and Hu, Wei and Shi, Hailin and Mei, Tao},
  booktitle={Computer Vision--ECCV 2020: 16th European Conference, Glasgow, UK, August 23--28, 2020, Proceedings, Part XII 16},
  pages={258--274},
  year={2020},
  organization={Springer}
}

@inproceedings{wang2018non,
  title={Non-local neural networks},
  author={Wang, Xiaolong and Girshick, Ross and Gupta, Abhinav and He, Kaiming},
  booktitle={Proceedings of the IEEE conference on computer vision and pattern recognition},
  pages={7794--7803},
  year={2018}
}

@inproceedings{pang2022masked,
  title={Masked autoencoders for point cloud self-supervised learning},
  author={Pang, Yatian and Wang, Wenxiao and Tay, Francis EH and Liu, Wei and Tian, Yonghong and Yuan, Li},
  booktitle={European conference on computer vision},
  pages={604--621},
  year={2022},
  organization={Springer}
}

@inproceedings{qi2017pointnet,
  title={Pointnet: Deep learning on point sets for 3d classification and segmentation},
  author={Qi, Charles R and Su, Hao and Mo, Kaichun and Guibas, Leonidas J},
  booktitle={Proceedings of the IEEE conference on computer vision and pattern recognition},
  pages={652--660},
  year={2017}
}

@article{chang2015shapenet,
  title={Shapenet: An information-rich 3d model repository},
  author={Chang, Angel X and Funkhouser, Thomas and Guibas, Leonidas and Hanrahan, Pat and Huang, Qixing and Li, Zimo and Savarese, Silvio and Savva, Manolis and Song, Shuran and Su, Hao and others},
  journal={CoRR},
  volume={abs/1512.03012},
  year={2015}
}

@inproceedings{deng2009imagenet,
  title={Imagenet: A large-scale hierarchical image database},
  author={Deng, Jia and Dong, Wei and Socher, Richard and Li, Li-Jia and Li, Kai and Fei-Fei, Li},
  booktitle={2009 IEEE conference on computer vision and pattern recognition},
  pages={248--255},
  year={2009},
  organization={Ieee}
}

@article{qi2017pointnet++,
  title={Pointnet++: Deep hierarchical feature learning on point sets in a metric space},
  author={Qi, Charles Ruizhongtai and Yi, Li and Su, Hao and Guibas, Leonidas J},
  journal={Advances in neural information processing systems},
  volume={30},
  year={2017}
}

@inproceedings{kingma2014adam,
  author       = {Diederik P. Kingma and Jimmy Ba},
  title        = {Adam: {A} Method for Stochastic Optimization},
  booktitle    = {3rd International Conference on Learning Representations, {ICLR} 2015,
                  San Diego, CA, USA, May 7-9, 2015, Conference Track Proceedings},
  year         = {2015}
}

@article{fischler1981random,
  title={Random sample consensus: a paradigm for model fitting with applications to image analysis and automated cartography},
  author={Fischler, Martin A and Bolles, Robert C},
  journal={Communications of the ACM},
  volume={24},
  number={6},
  pages={381--395},
  year={1981},
  publisher={ACM New York, NY, USA}
}

@article{ganokratanaa2020unsupervised,
  title={Unsupervised anomaly detection and localization based on deep spatiotemporal translation network},
  author={Ganokratanaa, Thittaporn and Aramvith, Supavadee and Sebe, Nicu},
  journal={IEEE Access},
  volume={8},
  pages={50312--50329},
  year={2020},
  publisher={IEEE}
}

@article{ganokratanaa2022video,
  title={Video anomaly detection using deep residual-spatiotemporal translation network},
  author={Ganokratanaa, Thittaporn and Aramvith, Supavadee and Sebe, Nicu},
  journal={Pattern Recognition Letters},
  volume={155},
  pages={143--150},
  year={2022},
  publisher={Elsevier}
}

@article{prunella2023deep,
  title={Deep learning for automatic vision-based recognition of industrial surface defects: a survey},
  author={Prunella, Michela and Scardigno, Roberto Maria and Buongiorno, Domenico and Brunetti, Antonio and Longo, Nicola and Carli, Raffaele and Dotoli, Mariagrazia and Bevilacqua, Vitoantonio},
  journal={IEEE Access},
  volume={11},
  pages={43370--43423},
  year={2023},
  publisher={IEEE}
}

@article{ren2024steel,
  title={Steel Surface Defect Detection Using Improved Deep Learning Algorithm: ECA-SimSPPF-SIoU-Yolov5},
  author={Ren, Fei and Fei, Jiajie and Li, Hongsheng and Doma, Bonifacio T},
  journal={IEEE Access},
  year={2024},
  publisher={IEEE}
}

@article{zhang2024defect,
  title={A Defect Detection Method for Substation Equipment Based on Image Data Generation and Deep Learning},
  author={Zhang, Na and Yang, Gang and Wang, Dawei and Hu, Fan and Yu, Hua and Fan, Jingjing},
  journal={IEEE Access},
  year={2024},
  publisher={IEEE}
}

@article{yang2019real,
  title={Real-time tiny part defect detection system in manufacturing using deep learning},
  author={Yang, Jing and Li, Shaobo and Wang, Zheng and Yang, Guanci},
  journal={IEEe Access},
  volume={7},
  pages={89278--89291},
  year={2019},
  publisher={IEEE}
}

@article{defferrard2016convolutional,
  title={Convolutional neural networks on graphs with fast localized spectral filtering},
  author={Defferrard, Micha{\"e}l and Bresson, Xavier and Vandergheynst, Pierre},
  journal={Advances in neural information processing systems},
  volume={29},
  year={2016}
}

@inproceedings{bonfiglioli2022eyecandies,
  title={The eyecandies dataset for unsupervised multimodal anomaly detection and localization},
  author={Bonfiglioli, Luca and Toschi, Marco and Silvestri, Davide and Fioraio, Nicola and De Gregorio, Daniele},
  booktitle={Proceedings of the Asian Conference on Computer Vision},
  pages={3586--3602},
  year={2022}
}

